<record><leader>00000cas a2200000 a 4500</leader><controlfield tag="001">16996298</controlfield><controlfield tag="008">871117d19251939waudn ne      0    0eng d</controlfield><datafield ind1=" " ind2=" " tag="010"><subfield code="a">sn 87093040 </subfield></datafield><datafield ind1=" " ind2=" " tag="040"><subfield code="a">SLZ</subfield><subfield code="b">eng</subfield><subfield code="c">SLZ</subfield><subfield code="d">OCL</subfield><subfield code="d">OCLCQ</subfield><subfield code="d">WAU</subfield><subfield code="d">OCLCQ</subfield><subfield code="d">OCLCF</subfield></datafield><datafield ind1="1" ind2=" " tag="029"><subfield code="a">AU@</subfield><subfield code="b">000025838053</subfield></datafield><datafield ind1=" " ind2=" " tag="042"><subfield code="a">msc</subfield></datafield><datafield ind1=" " ind2=" " tag="043"><subfield code="a">n-us-wa</subfield></datafield><datafield ind1="0" ind2="0" tag="245"><subfield code="a">Wenatchee daily sun.</subfield></datafield><datafield ind1=" " ind2=" " tag="260"><subfield code="a">Wenatchee, Wash. :</subfield><subfield code="b">R.H. Maus</subfield></datafield><datafield ind1=" " ind2=" " tag="300"><subfield code="a">v.</subfield></datafield><datafield ind1=" " ind2=" " tag="310"><subfield code="a">Daily (except Saturday and Sunday)</subfield></datafield><datafield ind1="1" ind2=" " tag="362"><subfield code="a">Began in 1925? Ceased in 1939.</subfield></datafield><datafield ind1=" " ind2=" " tag="500"><subfield code="a">"Official newspaper of the city of Wenatchee."</subfield></datafield><datafield ind1=" " ind2=" " tag="580"><subfield code="a">Has monthly supplement: Northwest fruit grower, June 1934-Jan. 1937.</subfield></datafield><datafield ind1=" " ind2=" " tag="588"><subfield code="a">Description based on: Vol. 17, no. 108 (Oct. 22. 1937).</subfield></datafield><datafield ind1=" " ind2="0" tag="651"><subfield code="a">Wenatchee (Wash.)</subfield><subfield code="v">Newspapers.</subfield></datafield><datafield ind1=" " ind2="7" tag="655"><subfield code="a">Newspapers.</subfield><subfield code="2">fast</subfield><subfield code="0">(OCoLC)fst01423814</subfield></datafield><datafield ind1=" " ind2="7" tag="651"><subfield code="a">Washington (State)</subfield><subfield code="z">Wenatchee.</subfield><subfield code="2">fast</subfield><subfield code="0">(OCoLC)fst01221592</subfield></datafield><datafield ind1=" " ind2=" " tag="752"><subfield code="a">United States</subfield><subfield code="b">Washington</subfield><subfield code="c">Chelan</subfield><subfield code="d">Wenatchee.</subfield></datafield><datafield ind1="1" ind2=" " tag="770"><subfield code="t">Northwest fruit grower (Wenatchee, Wash.)</subfield><subfield code="w">(DLC)  2007252018</subfield><subfield code="w">(OCoLC)46652978</subfield></datafield><datafield ind1="0" ind2="0" tag="780"><subfield code="t">Wenatchee sun (Wenatchee, Wash. : 1921)</subfield><subfield code="w">(DLC)sn 88087042</subfield></datafield><datafield ind1="0" ind2="5" tag="780"><subfield code="t">Wenatchee fruit grower</subfield><subfield code="w">(DLC)sn 88085742</subfield></datafield><datafield ind1="0" ind2="0" tag="785"><subfield code="t">Wenatchee sun (Wenatchee, Wash. : 1939)</subfield><subfield code="w">(DLC)sn 87093041</subfield></datafield></record>